@book{ReigCardosoMukhopadhyay201305,
title={Giant Magnetoresistance (GMR) Sensors: From Basis to State-of-the-Art Applications (Smart Sensors, Measurement and Instrumentation)},
author={Candid Reig and Susana Cardoso and Subhas Mukhopadhyay},
publisher={Springer},
year={2013},
month={5},
edition={2013},
isbn={9783642371714},
url={http://amazon.com/o/ASIN/364237171X/},
price={$179.00},
totalpages={301},
timestamp={2015.04.01},
}

@book{AshcroftMermin197601,
title={Solid State Physics},
author={Neil W. Ashcroft and N. David Mermin},
publisher={Cengage Learning},
year={1976},
month={1},
edition={1},
isbn={9780030839931},
url={http://amazon.com/o/ASIN/0030839939/},
price={$382.95},
totalpages={848},
timestamp={2015.04.17},
}

@book{HirotaSakakimaInomata200204,
title={Giant Magneto-Resistance Devices},
author={E. Hirota and H. Sakakima and K. Inomata},
publisher={Springer},
year={2002},
month={4},
edition={2002},
isbn={9783540418191},
url={http://amazon.com/o/ASIN/3540418199/},
price={$189.00},
totalpages={240},
timestamp={2015.04.15},
}

@article{RevModPhys.76.323,
  title = {Spintronics: Fundamentals and applications},
  author = {\ifmmode \check{Z}\else \v{Z}\fi{}uti\ifmmode \acute{c}\else \'{c}\fi{}, Igor and Fabian, Jaroslav and Das Sarma, S.},
  journal = {Rev. Mod. Phys.},
  volume = {76},
  issue = {2},
  pages = {323--410},
  numpages = {0},
  year = {2004},
  month = {Apr},
  publisher = {American Physical Society},
  doi = {10.1103/RevModPhys.76.323},
  url = {http://link.aps.org/doi/10.1103/RevModPhys.76.323}
}

@article{PhysRevLett.61.2472,
  title = {Giant Magnetoresistance of (001)Fe/(001)Cr Magnetic Superlattices},
  author = {Baibich, M. N. and Broto, J. M. and Fert, A. and Van Dau, F. Nguyen and Petroff, F. and Etienne, P. and Creuzet, G. and Friederich, A. and Chazelas, J.},
  journal = {Phys. Rev. Lett.},
  volume = {61},
  issue = {21},
  pages = {2472--2475},
  numpages = {0},
  year = {1988},
  month = {Nov},
  publisher = {American Physical Society},
  doi = {10.1103/PhysRevLett.61.2472},
  url = {http://link.aps.org/doi/10.1103/PhysRevLett.61.2472}
}

@article{PhysRevB.39.4828,
  title = {Enhanced magnetoresistance in layered magnetic structures with antiferromagnetic interlayer exchange},
  author = {Binasch, G. and Gr\"unberg, P. and Saurenbach, F. and Zinn, W.},
  journal = {Phys. Rev. B},
  volume = {39},
  issue = {7},
  pages = {4828--4830},
  numpages = {0},
  year = {1989},
  month = {Mar},
  publisher = {American Physical Society},
  doi = {10.1103/PhysRevB.39.4828},
  url = {http://link.aps.org/doi/10.1103/PhysRevB.39.4828}
}

@book{MaekawaShinjo200207,
title={Spin Dependent Transport in Magnetic Nanostructures (Advances in Condensed Matter Science)},
editor={Sadamichi Maekawa and Teruya Shinjo},
publisher={CRC Press},
year={2002},
month={7},
isbn={9780415272261},
url={http://amazon.com/o/ASIN/0415272262/},
price={$188.95},
totalpages={292},
timestamp={2015.04.01},
}

@article{PhysRev.136.B864,
  title = {Inhomogeneous Electron Gas},
  author = {Hohenberg, P. and Kohn, W.},
  journal = {Phys. Rev.},
  volume = {136},
  issue = {3B},
  pages = {B864--B871},
  numpages = {0},
  year = {1964},
  month = {Nov},
  publisher = {American Physical Society},
  doi = {10.1103/PhysRev.136.B864},
  url = {http://link.aps.org/doi/10.1103/PhysRev.136.B864}
}

@article{doi:10.1080/00018736400101041,
author = { N.F.   Mott },
title = {Electrons in transition metals},
journal = {Advances in Physics},
volume = {13},
number = {51},
pages = {325-422},
year = {1964},
doi = {10.1080/00018736400101041},
URL = {http://dx.doi.org/10.1080/00018736400101041},
eprint = {http://dx.doi.org/10.1080/00018736400101041}
}

@article{PhysRevLett.70.3343,
  title = {Perpendicular giant magnetoresistance of microstructured Fe/Cr magnetic multilayers from 4.2 to 300 K},
  author = {Gijs, M. A. M. and Lenczowski, S. K. J. and Giesbers, J. B.},
  journal = {Phys. Rev. Lett.},
  volume = {70},
  issue = {21},
  pages = {3343--3346},
  numpages = {0},
  year = {1993},
  month = {May},
  publisher = {American Physical Society},
  doi = {10.1103/PhysRevLett.70.3343},
  url = {http://link.aps.org/doi/10.1103/PhysRevLett.70.3343}
}

@article{journal/apl/65/19/10.1063/1.112672,
   author = "Piraux, L. and George, J. M. and Despres, J. F. and Leroy, C. and Ferain, E. and Legras, R. and Ounadjela, K. and Fert, A.",
   title = "Giant magnetoresistance in magnetic multilayered nanowires",
   journal = "Applied Physics Letters",
   year = "1994",
   volume = "65",
   number = "19", 
   eid = ,
   pages = "2484-2486",
   url = "http://scitation.aip.org/content/aip/journal/apl/65/19/10.1063/1.112672",
   doi = "http://dx.doi.org/10.1063/1.112672" 
}

@article{doi:10.1143/JPSJ.64.363,
author = { Teruo Ono and  Teruya Shinjo},
title = {Magnetoresistance of Multilayers Prepared on Microstructured Substrates},
journal = {Journal of the Physical Society of Japan},
volume = {64},
number = {2},
pages = {363-366},
year = {1995},
doi = {10.1143/JPSJ.64.363},
URL = {http://dx.doi.org/10.1143/JPSJ.64.363},
eprint = {http://dx.doi.org/10.1143/JPSJ.64.363}
}
